% Journal Articles

@article{fisher1933,
  title={{The Debt-Deflation Theory of Great Depressions}},
  author={Fisher, Irving},
  journal={Econometrica},
  pages={337--357},
  year={1933},
  volume={1},
  number={4},
  url={https://www.jstor.org/stable/1907327?casa_token=NIgdevPLzI4AAAAA%3AoE2jW7xrlnjLhSFeX4lN2xJEDkZn-tOJ-Obd2W5_p0oB95145p_e3t0q3rcm3xisDeuGa1hvWaZuHFenddFY3a5kEwEhozOvPF2M5XtlbTBhZw_hzxRB},
  urldate={2023-05-27},
  doi={10.2307/1907327}
}

@article{im1989,
  title={{Cost of Business Cycles with Indivisibilities and Liquidity Constraints}},
  author={Imrohoro{\u{g}}lu, Ay{\c{s}}e},
  journal={Journal of Political Economy},
  volume={97},
  number={6},
  pages={1364--1383},
  year={1989},
  publisher={The University of Chicago Press},
  url={https://www.journals.uchicago.edu/doi/abs/10.1086/261658},
  urldate={2023-05-26},
  doi={10.1086/261658}
}

@article{huggett1993,
title = {{The Risk-Free Rate in Heterogeneous-Agent Incomplete-Insurance Economies}},
author={Huggett, Mark},
journal = {Journal of Economic Dynamics and Control},
volume = {17},
number = {5},
pages = {953--969},
year = {1993},
doi = {10.1016/0165-1889(93)90024-M},
url = {https://www.sciencedirect.com/science/article/pii/016518899390024M},
urldate={2023-05-26},
publisher={Elsevier}
}

@article{aiyagari1994,
  title={{Uninsured Idiosyncratic Risk and Aggregate Saving}},
  author={Aiyagari, S. Rao},
  journal={The Quarterly Journal of Economics},
  volume={109},
  number={3},
  pages={659--684},
  year={1994},
  url={https://academic.oup.com/qje/article/109/3/659/1838287?login=false},
  urldate={2023-05-25},
  doi={10.2307/2118417}
}

@article{carroll2006,
  title={{The Method of Endogenous Gridpoints for Solving Dynamic Stochastic Optimization Problems}},
  author={Carroll, Christopher D.},
  journal={Economics Letters},
  volume={91},
  number={3},
  pages={312--320},
  year={2006},
  publisher={Elsevier},
  doi={10.1016/j.econlet.2005.09.013},
  url={https://www.sciencedirect.com/science/article/pii/S0165176505003368?casa_token=j9BEE5ui8LAAAAAA:uzFzvz2opL6RXbMZ4U0w23VByYMpYHlWwN9qFZ6_fG01UXHI9xXOLO03HzQBZxcwJVV8ucjdnQg},
  urldate={2023-06-01}
}

@article{sw2007,
title={{Shocks and Frictions in US Business Cycles: A Bayesian DSGE Approach}},
author={Smets, Frank and Wouters, Rafael},
journal={American Economic Review},
volume={97},
number={3},
pages={586--606},
year={2007},
doi={10.1257/aer.97.3.586}
}

@article{heath2009,
  title={{Quantitative Macroeconomics with Heterogeneous Households}},
  author={Heathcote, Jonathan and Storesletten, Kjetil and Violante, Giovanni L.},
  journal={Annual Review of Economics},
  volume={1},
  number={1},
  pages={319--354},
  year={2009},
  url={https://www.annualreviews.org/doi/abs/10.1146/annurev.economics.050708.142922?casa_token=ylDDBHiyumUAAAAA:sIKh8l2CWhfw4tNhgEGRTeRJMXVu6Of77RVEuru1zxwojMY_jQ0Jio0aCliX37POBiFuPlyVi7eAZw},
  urldate={2023-05-27},
  doi={10.1146/annurev.economics.050708.142922}
}

@article{egg2012,
    author = {Eggertsson, Gauti B. and Krugman, Paul},
    title = {{Debt, Deleveraging, and the Liquidity Trap: A Fisher-Minsky-Koo Approach}},
    journal = {The Quarterly Journal of Economics},
    volume = {127},
    number = {3},
    pages = {1469--1513},
    year = {2012},
    doi = {10.1093/qje/qjs023},
    url = {https://academic.oup.com/qje/article/127/3/1469/1924252?login=true},
    urldate={2023-05-26}
}

@article{riosrull2015,
  title={{Tightening Financial Frictions on Households, Recessions, and Price Reallocations}},
  author={Huo, Zhen and R{\'\i}os-Rull, Jos{\'e}-V{\'\i}ctor},
  journal={Review of Economic Dynamics},
  volume={18},
  number={1},
  pages={118--139},
  year={2015},
  doi={10.1016/j.red.2014.10.004},
  url={https://www.sciencedirect.com/science/article/pii/S1094202514000623?casa_token=B7aqYO8IZ3YAAAAA:vylRJZIcLc3Zi_fYWj5nglTgTidWvnhRK89ndmQeC2W9RsirHQEyLHkEPhn0Ahrwxq62l5IMXg},
  urldate={2023-05-30}
}

@article{gl2017,
title={{Credit Crises, Precautionary Savings, and the Liquidity Trap}},
author={Guerrieri, Veronica and Lorenzoni, Guido},
journal={The Quarterly Journal of Economics},
volume={132},
number={3},
pages={1427--1467},
year={2017},
url={https://academic.oup.com/qje/article-abstract/132/3/1427/3071924?redirectedFrom=fulltext&login=false},
urldate={2023-04-24},
doi={10.1093/qje/qjx005}
}

@article{kaplan2018,
title={{Monetary Policy According to HANK}},
author={Kaplan, Greg and Moll, Benjamin and Violante, Giovanni L},
journal={American Economic Review},
volume={108},
number={3},
pages={697--743},
year={2018},
doi={10.1257/aer.20160042}
}

@article{auclert2021,
  title={{Using the Sequence-Space Jacobian to Solve and Estimate Heterogeneous-Agent Models}},
  author={Auclert, Adrien and Bard{\'o}czy, Bence and Rognlie, Matthew and Straub, Ludwig},
  journal={Econometrica},
  volume={89},
  number={5},
  pages={2375--2408},
  year={2021},
  doi = {10.3982/ECTA17434},
  url = {https://onlinelibrary.wiley.com/doi/full/10.3982/ECTA17434?casa_token=MiNJJGPx84EAAAAA%3A4ieth5nYcPqFaXt_DsibW9tpS5uB_GYARtZhc8isd3VToV2zvzqW66v6fuOJF6oVlKH3egosh4W2HiAw},
  urldate={2023-05-31}
}

@article{cherrier2023,
  title={{Household Heterogeneity in Macroeconomic Models: A Historical Perspective}},
  author={Cherrier, Beatrice and Duarte, Pedro and Sa{\"\i}di, Aur{\'e}lien},
  journal={European Economic Review},
  volume={},
  number={},
  pages={},
  year={2023},
  doi={10.1016/j.euroecorev.2023.104497},
  url={https://www.sciencedirect.com/science/article/abs/pii/S0014292123001265},
  urldate={2023-05-27}
}

% Books and Chapters
@incollection{bewley1986,
	title={{Stationary Monetary Equilibrium with a Continuum of Independently Fluctuating Consumers}},
	author={Bewley, Truman},
	editor={Hildenbrand, Werner and Mas-Colell, Andreu},
	year={1986},
	booktitle={{Contributions to Mathematical Economics: In Honor of G{\'e}rard Debreu}},
	publisher={North-Holland},
	chapter={5},
	pages={79--102}
}

% Working Papers
@techreport{zoch2022,
  title={{Asset Supply and Liquidty Transformation in HANK}},
  author={Chiang, Yu-Ting and Zoch, Piotr},
  institution={St. Louis Fed},
  type={Working Paper},
  number={2022-038},
  year={2022},
  url={https://research.stlouisfed.org/wp/more/2022-038},
  urldate={2023-04-20}
}

@techreport{boehl2023econpizza,
  title={{HANK on Speed: Robust Nonlinear Solutions Using Automatic Differentiation}},
  author={Boehl, Gregor},
  institution={SSRN},
  type={Working Paper},
  number={4433585},
  year={2023},
  url={https://papers.ssrn.com/sol3/papers.cfm?abstract_id=4433585},
  urldate={2023-06-01}
}

% Miscellaneous (e.g. unpublished)
%@Misc{boehl2023econpizza,
%title         = {{Robust Nonlinear Transition Dynamics in HANK}},
%author        = {Boehl, Gregor},
%howpublished  = {\url{https://gregorboehl.com/live/hank_speed_boehl.pdf}},
%year = {2023},
%url={https://ssrn.com/abstract=4433585},
%urldate={2023-05-01}
%}
